
@book{boxjen76,
  author = {Box, George.E.P. and Jenkins, Gwilym M.},
  biburl = {https://www.bibsonomy.org/bibtex/2abb3f0ef5000289f48e20c8f245034d8/tozammel},
  publisher = {Holden-Day},
  timestamp = {2017-03-17T00:03:06.000+0100},
  title = {Time Series Analysis: Forecasting and Control},
  year = 1976
}

@book{Hamilton_1994,
  added-at = {2022-08-01T01:40:19.000+0200},
  author = {Hamilton, James Douglas},
  biburl = {https://www.bibsonomy.org/bibtex/2ff606f9fd495b01f97c6557f229b9349/gdmcbain},
  interhash = {e4098f3d89ebcdde3fae301198bd0e38},
  intrahash = {ff606f9fd495b01f97c6557f229b9349},
  keywords = {62-01-statistics-instructional-exposition 62m10-time-series-auto-correlation-regression 62m15-inference-from-stochastic-processes-and-spectral-analysis 62p20-applications-of-statistics-to-economics},
  publisher = {Princeton University Press},
  refid = {1194970663},
  timestamp = {2022-08-01T01:41:08.000+0200},
  title = {Time Series Analysis},
  url = {https://www.worldcat.org/title/time-series-analysis/oclc/1194970663&referer=brief_results},
  year = 1994
}



@ARTICLE{Diebold_Mariano_1995,
title = {Comparing Predictive Accuracy},
author = {Diebold, Francis and Mariano, Roberto},
year = {1995},
journal = {Journal of Business \& Economic Statistics},
volume = {13},
number = {3},
pages = {253-63},
url = {https://EconPapers.repec.org/RePEc:bes:jnlbes:v:13:y:1995:i:3:p:253-63}
}

@Manual{Stargazer,
  title = {stargazer: Well-Formatted Regression and Summary Statistics Tables},
  author = {Marek Hlavac},
  year = {2022},
  note = {R package version 5.2.3},
  organization = {Social Policy Institute},
  address = {Bratislava, Slovakia},
  url = {https://CRAN.R-project.org/package=stargazer},
}

@Article{vars,
  title = {VAR, SVAR and SVEC Models: Implementation Within {R} Package {vars}},
  author = {Bernhard Pfaff},
  journal = {Journal of Statistical Software},
  year = {2008},
  volume = {27},
  number = {4},
  url = {https://www.jstatsoft.org/v27/i04/},
}

@article{BERNANKE198649,
title = {Alternative explanations of the money-income correlation},
journal = {Carnegie-Rochester Conference Series on Public Policy},
volume = {25},
pages = {49-99},
year = {1986},
issn = {0167-2231},
doi = {https://doi.org/10.1016/0167-2231(86)90037-0},
url = {https://www.sciencedirect.com/science/article/pii/0167223186900370},
author = {Ben S. Bernanke}
}

@article{Christiano_Eichenbaum_Evans_1996,
 URL = {http://www.jstor.org/stable/2109845},
 author = {Lawrence J. Christiano and Martin Eichenbaum and Charles Evans},
 journal = {The Review of Economics and Statistics},
 number = {1},
 pages = {16--34},
 publisher = {The MIT Press},
 title = {The Effects of Monetary Policy Shocks: Evidence from the Flow of Funds},
 urldate = {2022-09-03},
 volume = {78},
 year = {1996}
}



@article{Erceg_et_al_2005,
    author = {Erceg, Christopher J. and Guerrieri, Luca and Gust, Christopher},
    title = "{Can Long-Run Restrictions Identify Technology Shocks?}",
    journal = {Journal of the European Economic Association},
    volume = {3},
    number = {6},
    pages = {1237-1278},
    year = {2005},
    month = {12},
    url = {https://doi.org/10.1162/154247605775012860},
    eprint = {https://academic.oup.com/jeea/article-pdf/3/6/1237/10312955/jeea1237.pdf},
}

@article{DEDOLA20051543,
title = {The monetary transmission mechanism: Evidence from the industries of five OECD countries},
journal = {European Economic Review},
volume = {49},
number = {6},
pages = {1543-1569},
year = {2005},
issn = {0014-2921},
url = {https://www.sciencedirect.com/science/article/pii/S0014292103001569},
author = {Luca Dedola and Francesco Lippi},
}

@TechReport{Gerlach_Smets_1995,
  author={Gerlach, Stefan and Smets, Frank},
  title={{The Monetary Transmission Mechanism: Evidence from the G-7 Countries}},
  year=1995,
  institution={C.E.P.R. Discussion Papers},
  type={CEPR Discussion Papers},
  url={https://ideas.repec.org/p/cpr/ceprdp/1219.html},
  number={1219},
}

@inbook{NBERc11177,
 Crossref = "NBERacem06-1",
 title = "Assessing Structural VARs",
 author = "Lawrence J. Christiano and Martin Eichenbaum and Robert Vigfusson",
 BookTitle = "NBER Macroeconomics Annual 2006, Volume 21",
 Publisher = "MIT Press",
 pages = "1-106",
 year = "2007",
 month = "May",
 URL = "http://www.nber.org/chapters/c11177",
}

@book{NBERacem06-1,
 title = "NBER Macroeconomics Annual 2006, Volume 21",
 author = "Daron Acemoglu and Kenneth Rogoff and Michael Woodford",
 institution = "National Bureau of Economic Research",
 type = "Book",
 publisher = "MIT Press",
 year = "2007",
 URL = "https://www.nber.org/books-and-chapters/nber-macroeconomics-annual-2006-volume-21",
}



@article{Gali_1999,
Author = {Gal\'i, Jordi},
Title = {Technology, Employment, and the Business Cycle: Do Technology Shocks Explain Aggregate Fluctuations?},
Journal = {American Economic Review},
Volume = {89},
Number = {1},
Year = {1999},
Month = {March},
Pages = {249-271},
DOI = {10.1257/aer.89.1.249},
URL = {https://www.aeaweb.org/articles?id=10.1257/aer.89.1.249}}


@article{Faust_Leeper_1997,
author = {Jon Faust and Eric M. Leeper},
title = {When Do Long-Run Identifying Restrictions Give Reliable Results?},
journal = {Journal of Business \& Economic Statistics},
volume = {15},
number = {3},
pages = {345-353},
year  = {1997},
publisher = {Taylor & Francis},
URL = {https://www.tandfonline.com/doi/abs/10.1080/07350015.1997.10524712},
}

@article{Kilian_1998,
 URL = {http://www.jstor.org/stable/2646633},
 author = {Lutz Kilian},
 journal = {The Review of Economics and Statistics},
 number = {2},
 pages = {218--230},
 publisher = {The MIT Press},
 title = {Small-Sample Confidence Intervals for Impulse Response Functions},
 urldate = {2022-09-03},
 volume = {80},
 year = {1998}
}

@ARTICLE{Fischer_1977,
title = {Long-Term Contracts, Rational Expectations, and the Optimal Money Supply Rule},
author = {Fischer, Stanley},
year = {1977},
journal = {Journal of Political Economy},
volume = {85},
number = {1},
pages = {191-205},
url = {https://EconPapers.repec.org/RePEc:ucp:jpolec:v:85:y:1977:i:1:p:191-205}
}

@TechReport{Danne_2015,
  author={Danne, Christian},
  title={{VARsignR: Estimating VARs using sign restrictions in R}},
  year=2015,
  month=Dec,
  institution={University Library of Munich, Germany},
  type={MPRA Paper},
  url={https://ideas.repec.org/p/pra/mprapa/68429.html},
  number={68429},
}

@Article{Blanchard_Quah_1989,
  author={Blanchard, Olivier Jean and Quah, Danny},
  title={{The Dynamic Effects of Aggregate Demand and Supply Disturbances}},
  journal={American Economic Review},
  year=1989,
  volume={79},
  number={4},
  pages={655-673},
  url={https://ideas.repec.org/a/aea/aecrev/v79y1989i4p655-73.html}
}

@article{RubioRamirez_et_al_2010,
 URL = {http://www.jstor.org/stable/40587642},
 author = {Juan F. Ruibio-Ram\'irez and Daniel F. Waggoner and Tao Zha},
 journal = {The Review of Economic Studies},
 number = {2},
 pages = {665--696},
 publisher = {[Oxford University Press, Review of Economic Studies, Ltd.]},
 title = {Structural Vector Autoregressions: Theory of Identification and Algorithms for Inference},
 urldate = {2022-09-03},
 volume = {77},
 year = {2010}
}



@article{Gali_1992,
 URL = {http://www.jstor.org/stable/2118487},
 author = {Jordi Gal√≠},
 journal = {The Quarterly Journal of Economics},
 number = {2},
 pages = {709--738},
 publisher = {Oxford University Press},
 title = {How Well Does the IS-LM Model Fit Postwar U.S. Data?},
 urldate = {2022-09-03},
 volume = {107},
 year = {1992}
}



@Article{Sims_1986,
  author={Christopher A. Sims},
  title={{Are forecasting models usable for policy analysis?}},
  journal={Quarterly Review},
  year=1986,
  volume={10},
  number={Win},
  pages={2-16},
  month={},
  keywords={Forecasting; Economic policy},
  url={https://ideas.repec.org/a/fip/fedmqr/y1986iwinp2-16nv.10no.1.html}
}

@article{Bernanke_Boivin_Eliasz_2005,
    author = {Bernanke, Ben S. and Boivin, Jean and Eliasz, Piotr},
    title = "{Measuring the Effects of Monetary Policy: A Factor-Augmented Vector Autoregressive (FAVAR) Approach*}",
    journal = {The Quarterly Journal of Economics},
    volume = {120},
    number = {1},
    pages = {387-422},
    year = {2005},
    month = {02},
    doi = {10.1162/0033553053327452},
    url = {https://doi.org/10.1162/0033553053327452},
}





@article{Granger_1969,
 URL = {http://www.jstor.org/stable/1912791},
 author = {C. W. J. Granger},
 journal = {Econometrica},
 number = {3},
 pages = {424--438},
 publisher = {[Wiley, Econometric Society]},
 title = {Investigating Causal Relations by Econometric Models and Cross-spectral Methods},
 urldate = {2022-09-03},
 volume = {37},
 year = {1969}
}



@article{Sims_1980,
 URL = {http://www.jstor.org/stable/1912017},
 author = {Christopher A. Sims},
 journal = {Econometrica},
 number = {1},
 pages = {1--48},
 publisher = {[Wiley, Econometric Society]},
 title = {Macroeconomics and Reality},
 urldate = {2022-09-03},
 volume = {48},
 year = {1980}
}



@Article{Gertler_Karadi_2015,
  author={Mark Gertler and Peter Karadi},
  title={{Monetary Policy Surprises, Credit Costs, and Economic Activity}},
  journal={American Economic Journal: Macroeconomics},
  year=2015,
  volume={7},
  number={1},
  pages={44-76},
  url={https://ideas.repec.org/a/aea/aejmac/v7y2015i1p44-76.html}
}

@TechReport{Ramey_2016_NBER,
  author={Valerie A. Ramey},
  title={{Macroeconomic Shocks and Their Propagation}},
  year=2016,
  month=Feb,
  institution={National Bureau of Economic Research, Inc},
  type={NBER Working Papers},
  url={https://ideas.repec.org/p/nbr/nberwo/21978.html},
  number={21978}
}

@book {Stock_Watson_2003,
	title = {Introduction to Econometrics},
	year = {2003},
	publisher = {Prentice Hall},
	organization = {Prentice Hall},
	address = {New York},
	author = {James Stock and Mark W. Watson}
}


@article{Newey_West_1987,
 ISSN = {00129682, 14680262},
 URL = {http://www.jstor.org/stable/1913610},
 author = {Whitney K. Newey and Kenneth D. West},
 journal = {Econometrica},
 number = {3},
 pages = {703--708},
 publisher = {[Wiley, Econometric Society]},
 title = {A Simple, Positive Semi-Definite, Heteroskedasticity and Autocorrelation Consistent Covariance Matrix},
 urldate = {2022-09-01},
 volume = {55},
 year = {1987}
}



@book{Anderson_1971,
place={New York},
title={The Statistical Analysis of Time Series},
publisher={Wiley},
author={T.W. Anderson},
url={https://onlinelibrary.wiley.com/doi/book/10.1002/9781118186428},
year={1971}}

@article{Duan_et_al_1983,
 URL = {http://www.jstor.org/stable/1391852},
 author = {Naihua Duan and Willard G. Manning and Carl N. Morris and Joseph P. Newhouse},
 journal = {Journal of Business \& Economic Statistics},
 number = {2},
 pages = {115--126},
 publisher = {[American Statistical Association, Taylor & Francis, Ltd.]},
 title = {A Comparison of Alternative Models for the Demand for Medical Care},
 urldate = {2022-08-31},
 volume = {1},
 year = {1983}
}



@article{Mroz_1987,
 ISSN = {00129682, 14680262},
 URL = {http://www.jstor.org/stable/1911029},
 author = {Thomas A. Mroz},
 journal = {Econometrica},
 number = {4},
 pages = {765--799},
 publisher = {[Wiley, Econometric Society]},
 title = {The Sensitivity of an Empirical Model of Married Women's Hours of Work to Economic and Statistical Assumptions},
 urldate = {2022-08-31},
 volume = {55},
 year = {1987}
}


@TECHREPORT{Tobin_1956,
title = {Estimation of Relationships for Limited Dependent Variables},
author = {Tobin, James},
year = {1956},
institution = {Cowles Foundation for Research in Economics, Yale University},
type = {Cowles Foundation Discussion Papers},
number = {3R},
url = {https://EconPapers.repec.org/RePEc:cwl:cwldpp:3r}
}

@ARTICLE{Heiss_2002,
	author = "Heiss, F.",
	title = "Structural choice analysis with nested logit models",
	journal = "Stata Journal",
	publisher = "Stata Press",
	address = "College Station, TX",
	volume = "2",
	number = "3",
	year = "2002",
	pages = "227-252(26)",
	url = "https://www.stata-journal.com/article.html?article=st0017"
}


@ARTICLE{Hensher_Greene_2002,
title = {Specification and estimation of the nested logit model: alternative normalisations},
author = {Hensher, David and Greene, William},
year = {2002},
journal = {Transportation Research Part B: Methodological},
volume = {36},
number = {1},
pages = {1-17},
url = {https://doi.org/10.1016/S0191-2615(00)00035-7}
}



@article{Nakosteen_Zimmer_1980,
 ISSN = {00384038},
 URL = {http://www.jstor.org/stable/1057152},
 author = {Robert A. Nakosteen and Michael Zimmer},
 journal = {Southern Economic Journal},
 number = {3},
 pages = {840--851},
 publisher = {Southern Economic Association},
 title = {Migration and Income: The Question of Self-Selection},
 urldate = {2022-08-29},
 volume = {46},
 year = {1980}
}


@Article{Meyer_Viscusi_Durbin_1995,
  author={Meyer, Bruce D and Viscusi, W Kip and Durbin, David L},
  title={{Workers' Compensation and Injury Duration: Evidence from a Natural Experiment}},
  journal={American Economic Review},
  year=1995,
  volume={85},
  number={3},
  pages={322-340},
  url={https://ideas.repec.org/a/aea/aecrev/v85y1995i3p322-40.html}
}


@article{Roberts_Gelman_Gilks_1997,
 ISSN = {10505164},
 URL = {http://www.jstor.org/stable/2245134},
 author = {G. O. Roberts and A. Gelman and W. R. Gilks},
 journal = {The Annals of Applied Probability},
 number = {1},
 pages = {110--120},
 publisher = {Institute of Mathematical Statistics},
 title = {Weak Convergence and Optimal Scaling of Random Walk Metropolis Algorithms},
 urldate = {2022-08-24},
 volume = {7},
 year = {1997}
}



@Article{Tibshirani_2011,
  author={Robert Tibshirani},
  title={{Regression shrinkage and selection via the lasso: a retrospective}},
  journal={Journal of the Royal Statistical Society Series B},
  year=2011,
  volume={73},
  number={3},
  pages={273-282},
  url={https://ideas.repec.org/a/bla/jorssb/v73y2011i3p273-282.html}
}



@book{Cameron_Trivedi_2005,
place={New York},
title={Microeconometrics: Methods and Applications},
DOI={10.1017/CBO9780511751967},
publisher={Cambridge University Press},
author={A. Colin Cameron and Pravin K. Trivedi},
url={http://cameron.econ.ucdavis.edu/mmabook/mma.html},
year={2005}}



@book{gourieroux_monfort_1995,
place={Cambridge},
series={Themes in Modern Econometrics},
title={Statistics and Econometric Models},
volume={1},
DOI={10.1017/CBO9780511751967},
publisher={Cambridge University Press},
author={Gouri\'eroux, Christian and Monfort, Alain},
year={1995},
collection={Themes in Modern Econometrics}}

@TechReport{Fritsch_et_al_2019,
  author={Fritsch, Markus and Pua, Andrew Adrian Yu and Schnurbus, Joachim},
  title={{Pdynmc - An R-package for estimating linear dynamic panel data models based on linear and nonlinear moment conditions}},
  year=2019,
  institution={University of Passau, Faculty of Business and Economics},
  type={Passauer Diskussionspapiere, Betriebswirtschaftliche Reihe},
  url={https://ideas.repec.org/p/zbw/upadbr/b3919.html},
  number={B-39-19}
}


@Article{Arellano_Bond_1991,
  author={Manuel Arellano and Stephen Bond},
  title={{Some Tests of Specification for Panel Data: Monte Carlo Evidence and an Application to Employment Equations}},
  journal={Review of Economic Studies},
  year=1991,
  volume={58},
  number={2},
  pages={277-297},
  url={https://ideas.repec.org/a/oup/restud/v58y1991i2p277-297..html}
}


@Article{Anderson_Hsiao_1982,
  author={Anderson, T. W. and Hsiao, Cheng},
  title={{Formulation and estimation of dynamic models using panel data}},
  journal={Journal of Econometrics},
  year=1982,
  volume={18},
  number={1},
  pages={47-82},
  url={https://ideas.repec.org/a/eee/econom/v18y1982i1p47-82.html}
}

@book{James2013,
  added-at = {2019-10-12T20:03:56.000+0200},
  author = {James, Gareth and Witten, Daniela and Hastie, Trevor and Tibshirani, Robert},
  biburl = {https://www.bibsonomy.org/bibtex/2444186c86d18bddb4433c12fa126f6be/lopusz_kdd},
  interhash = {b3febabdc45a8629023cee7323dfbd86},
  intrahash = {444186c86d18bddb4433c12fa126f6be},
  keywords = {general_machine_learning},
  publisher = {Springer},
  timestamp = {2019-10-12T23:45:37.000+0200},
  title = {An Introduction to Statistical Learning: with Applications in R },
  url = {https://www.statlearning.com},
  year = 2013
}



@Article{JST_2017,
  author={\`Oscar Jord\`a and Moritz Schularick and Alan M. Taylor},
  title={{Macrofinancial History and the New Business Cycle Facts}},
  journal={NBER Macroeconomics Annual},
  year=2017,
  volume={31},
  number={1},
  pages={213-263},
  url={https://ideas.repec.org/a/ucp/macann/doi10.1086-690241.html}
}

@Book{xie2015,
  title = {Dynamic Documents with {R} and knitr},
  author = {Yihui Xie},
  publisher = {Chapman and Hall/CRC},
  address = {Boca Raton, Florida},
  year = {2015},
  edition = {2nd},
  note = {ISBN 978-1498716963},
  url = {http://yihui.name/knitr/},
}

@article{dungey2009extending,
  title={Extending a SVAR model of the Australian economy},
  author={Dungey, Mardi and Pagan, Adrian},
  journal={Economic Record},
  volume={85},
  number={268},
  pages={1--20},
  year={2009},
  publisher={Wiley Online Library}
}

@article{MACKINNON2022,
title = {Cluster-robust inference: A guide to empirical practice},
journal = {Journal of Econometrics},
year = {2022},
issn = {0304-4076},
doi = {https://doi.org/10.1016/j.jeconom.2022.04.001},
url = {https://www.sciencedirect.com/science/article/pii/S0304407622000781},
author = {James G. MacKinnon and Morten √òrregaard Nielsen and Matthew D. Webb}
}


@article{Cameron_Miller_2014,
title = {A Practitioner‚Äôs Guide to Cluster-Robust Inference},
journal = {The Journal of Human Resources},
year = {2014},
volume={50},
number={2},
issn = {317-372},
doi = {https://doi.org/10.3368/jhr.50.2.317},
url = {http://jhr.uwpress.org/content/50/2/317.refs#cited-by},
author = {A. Colin Cameron and Douglas L. Miller}
}



@article{Sargan_1958,
 URL = {http://www.jstor.org/stable/1907619},
 author = {J. D. Sargan},
 journal = {Econometrica},
 number = {3},
 pages = {393--415},
 publisher = {[Wiley, Econometric Society]},
 title = {The Estimation of Economic Relationships using Instrumental Variables},
 volume = {26},
 year = {1958}
}


@article{Hansen_1982,
 URL = {http://www.jstor.org/stable/1912775},
 author = {Lars Peter Hansen},
 journal = {Econometrica},
 number = {4},
 pages = {1029--1054},
 publisher = {[Wiley, Econometric Society]},
 title = {Large Sample Properties of Generalized Method of Moments Estimators},
 urldate = {2022-08-05},
 volume = {50},
 year = {1982}
}



@article{Andrews_Stock_Sun_2019,
author = {Andrews, Isaiah and Stock, James H. and Sun, Liyang},
title = {Weak Instruments in Instrumental Variables Regression: Theory and Practice},
journal = {Annual Review of Economics},
volume = {11},
number = {1},
pages = {727-753},
year = {2019},
doi = {10.1146/annurev-economics-080218-025643},
URL = {https://doi.org/10.1146/annurev-economics-080218-025643}
}


@article{Durbin_1954,
 URL = {http://www.jstor.org/stable/1401917},
 author = {J. Durbin},
 journal = {Revue de l'Institut International de Statistique / Review of the International Statistical Institute},
 number = {1/3},
 pages = {23--32},
 publisher = {[International Statistical Institute (ISI), Wiley]},
 title = {Errors in Variables},
 urldate = {2022-08-05},
 volume = {22},
 year = {1954}
}

@article{Wu_1973,
 URL = {http://www.jstor.org/stable/1914093},
 author = {De-Min Wu},
 journal = {Econometrica},
 number = {4},
 pages = {733--750},
 publisher = {[Wiley, Econometric Society]},
 title = {Alternative Tests of Independence between Stochastic Regressors and Disturbances},
 urldate = {2022-08-05},
 volume = {41},
 year = {1973}
}

@article{Hausman_1978,
 URL = {http://www.jstor.org/stable/1913827},
 author = {J. A. Hausman},
 journal = {Econometrica},
 number = {6},
 pages = {1251--1271},
 publisher = {[Wiley, Econometric Society]},
 title = {Specification Tests in Econometrics},
 urldate = {2022-08-05},
 volume = {46},
 year = {1978}
}

@book{angrist_mostly_2008,
  added-at = {2014-11-20T12:13:56.000+0100},
  URL = {https://www.mostlyharmlesseconometrics.com},
  author = {Angrist, Joshua D. and Pischke, J√∂rn-Steffen},
  biburl = {https://www.bibsonomy.org/bibtex/2bad3c0e83619dbdc442142ce714e5529/rlipp},
  interhash = {6d41194af2b0685c2adb94316d607d56},
  intrahash = {bad3c0e83619dbdc442142ce714e5529},
  isbn = {0691120358},
  keywords = {imported},
  month = dec,
  publisher = {Princeton University Press},
  shorttitle = {Mostly Harmless Econometrics},
  timestamp = {2014-11-20T12:13:56.000+0100},
  title = {Mostly Harmless Econometrics: An Empiricist's Companion},
  year = 2008
}


@Article{Abadie_Cattaneo_2018,
  author={Alberto Abadie and Matias D. Cattaneo},
  title={{Econometric Methods for Program Evaluation}},
  journal={Annual Review of Economics},
  year=2018,
  volume={10},
  number={1},
  pages={465-503},
  month={August},
  url={https://ideas.repec.org/a/anr/reveco/v10y2018p465-503.html}
}


